@book{LFD,
    author = {Yaser S. Abu-Mostafa, Malik Magdon-Ismail, Hsuan-Tien Lin} , 
    title = {Learing From Data. A Short Course}, 
    pages = {93},  
    year = {2012}, 
    url = {AMLbook.com}
}