@misc{StandardScaler,
  title = {{SrandardScaler} del paquete {sklearnPreprocessing}},
  urldate = {2021-05-21},
  url = {https://scikit-learn.org/stable/modules/generated/sklearn.preprocessing.StandardScaler.html}
}


@misc{CorrcoefNumpy,
  title = {{CorrcoefNumpy} del paquete {Numpy}},
  urldate = {2021-05-21},
  url = {https://numpy.org/doc/stable/reference/generated/numpy.corrcoef.html}
}